@book{Gemeinsam2012,
 AUTHOR = {Sabine Herm},
 YEAR = {2012},
 TITLE = {Gemeinsam spielen, lernen und wachsen},
 ISBN = {978-3-589-24748-6},
 PUBLISHER = {Cornelsen},
 ADDRESS = {Berlin},
 edition= {4},
 pages= {18f}
}

@book{Mittendrin2011,
 AUTHOR = {Jun. Prof. Dr. Timm Albers},
 YEAR = {2011},
 TITLE = {Mittendrin statt nur dabei Inklusion in der Krippe und Kindergarten},
 ISBN = {978-3-497-02211-3},
 PUBLISHER = {reinhardt},
 ADDRESS = {M"unchen}
}

@book{InkidFr2010,
 AUTHOR = {Annedore Prengel},
 YEAR = {2010},
 TITLE = {Inklusion in der Fr"uhp"adagogik-Bildungstheoretische, empirische und p"adagogische Grundlagen},
 ISBN = {978-3-935701-77-8},
 PUBLISHER = {Deutsches Jugendinstitut e.V.(DJI)},
 ADDRESS = {M"unchen}
}


@misc{DownSyndrom2012,
 author  = {Christian K"onig and Barbara Bosenius and Ulrike Henning and Susanne Bolfra"s},
 title   = {Inklusion},
 url   = {http://www.down-syndrom-rheingau-taunus.de/index.php?id=7},
 note    = {gesehen am: 20.08.2012 16:00}
}


@misc{inkolpe2012,
 author  = {Gemeinsam leben, gemeinsam lernen -- Olpe plus e.V.},
 title   = {Inklusion},
 url   = {http://inklusion-olpe.de/inklusion.php },
 note    = {gesehen am: 21.08. 2012 15:34}
}


@book{IndexInk2007,
 AUTHOR = {Tony Booth, Mel Ainscow, Denise Kingston},
 YEAR = {2007},
 TITLE = {Index f"ur Inklusion (Tageseinrichtungen f"ur Kinder) Spiel, Lernen und Partizipation in der inklusiven Kindertageseinrichtung entwickeln},
 ISBN = {978-3-939470-13-7},
 PUBLISHER = {Gewerkschaft Erziehung und Wissenschaft (GEW)},
 ADDRESS = {Frankfurt am Main},
 Edition = {2}
}

@book{Vielfalt2012,
 AUTHOR = {Albers, T. and Stephan, Bree and Edita, Jung and Simone, Seitz},
 YEAR = {2012},
 TITLE = {Vielfalt von Anfang an-Inklusion in Krippe und Kita},
 ISBN = {978-3-451-32540-3},
 PUBLISHER = {nifbe},
 ADDRESS = {Freiburg im Breisgau}
}

@misc{unmenschen2012,
 author  = {Vereinte Nationen},
 title   = {Allgemeine Erkl"arung der Menschenrechte},
 url   = {http://www.un.org/depts/german/grunddok/ar217a3.html },
 note    = {gesehen am: 8.8.2012 10:45}
}

@article{unkinder1992,
 author  = {Vereinte Nationen},
 title   = {"Ubereinkommen "uber die Rechte des Kindes},
 journal = {UN-Kinderrechtskonvention im Wortlaut mit Materialien },
 year    = {1992},
 pages   = {19,21}
}

@misc{BMFSFJ2012,
 author  = {Kristina Schr"oder: "Kinder k"onnen in Zukunft ihre Rechte auf internationaler Ebene besser durchsetzen"},
 title   = {Bundesministerium f"ur Familie, Senioren, Frauen und Jugend},
 url   = {http://www.bmfsfj.de/BMFSFJ/kinder-und-jugend,did=187672.html},
 note    = {gesehen am:8.8.2012 12:54}
}

@article{13kuj2009,
 author  = {Publikationsversand der Bundesregierung},
 title   = {Bericht "uber die Lebenssituation junger Menschen und die Leistungen der Kinder uns Jugendlichen in Deutschland},
 journal = {13. Kinder und Jugendbericht},
 address = {Berlin},
 year    = {2009},
 pages   = {192f},
 edition = {2}
}

@book{InkiKte2011,
 AUTHOR = {Annika Sulzer, Petra Wagner},
 YEAR = {2011},
 TITLE = {Inklusion inKindertageseinrichtungen - Qualifikationsanforderungen an die Fachkr"afte},
 ISBN = {978-3-86379-018-9},
 PUBLISHER = {Deutsches Jugendinstitut e.V.(DJI)},
 ADDRESS = {M"unchen}
}

@misc{Unesco2012,
 author  = {Deutsche UNESCO-Kommission},
 title   = {Inklusive Bildung},
 url   = {http://www.unesco.de/inklusive_bildung_deutschland.html},
 note    = {gesehen am:21.8.2012 9:32}
}

@book{UNESCO2010,
 AUTHOR = {Dr. Barbara Malina},
 YEAR = {2010},
 TITLE = {Inklusion: Leitlinien f"ur die Bildungspolitik},
 ISBN = {978-3-940785-12-1},
 PUBLISHER = {Deutsche UNESCO-Kommission e.V. (DUK)},
 ADDRESS = {Bonn},
 EDITION = {2}
}

@article{TAG2004,
 author  = {Bundesministerium f"ur Familie, Senioren, Frauen und Jugend},
 title   = {Gesetz zum qualit"atsorientierten und bedarfsgerechten Ausbau der Tagesbetreuung und zur Weiterentwicklung der Kinder- und Jugendhilfe},
 journal = {Das Tagesbetreuungsausbaugesetz (TAG).},
 address = {Berlin},
 year    = {2004},
 pages   = {5}
}

@article{Dritter2012,
 author  = {Bundesministerium f"ur Familie, Senioren, Frauen und Jugend},
 title   = {Bericht der Bundesregierung 2012 nach § 24a Abs. 5 SGB VIII "uber den Stand  des Ausbaus f"ur ein bedarfsgerechtes Angebot an Kindertagesbetreuung f"ur Kinder unter drei Jahren f"ur das Berichtsjahr 2011},
 journal = {Dritter Zwischenbericht  zur Evaluation des Kinderf"orderungsgesetzes},
 address = {Berlin},
 year    = {2012},
 pages   = {5}
}

@misc{BMFSFJ2010,
 author  = {Bundesministerium f"ur Familie, Senioren, Frauen und Jugend},
 title   = {Kinderf"orderungsgesetz (Kif"oG},
 url   = {http://www.bmfsfj.de/BMFSFJ/gesetze,did=133282.htm},
 note    = {gesehen am:18.08.2012 8:45},
}

@misc{Beh2012,
 author  = {Bundesrepublik Deutschland},
 title   = {§ 2 SGB IX Behinderung},
 url   = {http://www.sozialgesetzbuch-sgb.de/sgbix/2.html},
 note    = {gesehen am: 18.8.2012 10:21},
}

@misc{Schul2012,
 author  = {Ministerium f"ur Schule, und Weiterbildung des Landes Nordrhein-Westfalen},
 title   = {Schulform},
 url={http://www.schulministerium.nrw.de/BP/Schulsystem/Schulformen/Foerderschulen/FAQSonderpFoerderung/Gutachten.html },
 note    = {gesehen am:22.8.2012 13:46},
}

@article{Kinderw2012,
 author  = {KINDERWELTEN},
 title   = {Vorurteilsbewusste Bildung und Erziehung Einf"uhrung in Ziele und Prinzipien},
 journal = {Projekt KINDERWELTEN},
 address = {Berlin},
 year    = {2004},
 pages   = {8f}
}
